<?xml version="1.0" encoding="UTF-8"?><record xmlns="http://www.loc.gov/MARC21/slim" xmlns:cinclude="http://apache.org/cocoon/include/1.0" xmlns:zs="http://www.loc.gov/zing/srw/">
  <leader>00845cz  a2200133n  4500</leader>
  <controlfield tag="001">n 2007206963</controlfield>
  <controlfield tag="003">DLC</controlfield>
  <controlfield tag="005">20120817075834.0</controlfield>
  <controlfield tag="008">070430n| acannaabn          |n ana      </controlfield>
  <datafield tag="010" ind1=" " ind2=" ">
    <subfield code="a">n 2007206963</subfield>
  </datafield>
  <datafield tag="040" ind1=" " ind2=" ">
    <subfield code="a">DLC</subfield>
    <subfield code="b">eng</subfield>
    <subfield code="c">DLC</subfield>
    <subfield code="d">DLC</subfield>
  </datafield>
  <datafield tag="111" ind1="2" ind2=" ">
    <subfield code="a">Colóquio "Política, Nação e Edição: o Lugar dos Impressos na Construção da Vida Política : Brasil, Europa e Américas nos Séculos XVIII-XX"</subfield>
    <subfield code="d">(2003 :</subfield>
    <subfield code="c">Universidade Federal de Minas Gerais. Departamento de História)</subfield>
  </datafield>
  <datafield tag="667" ind1=" " ind2=" ">
    <subfield code="a">THIS 1XX FIELD CANNOT BE USED UNDER RDA UNTIL THIS RECORD HAS BEEN REVIEWED AND/OR UPDATED</subfield>
  </datafield>
  <datafield tag="670" ind1=" " ind2=" ">
    <subfield code="a">Política, nação e edição, 2006?:</subfield>
    <subfield code="b">p. 9 (Colóquio "Política, Nação e Edição: o Lugar dos Impressos na Construção da Vida Política : Brasil, Europa e Américas nos Séculos XVIII-XX"; held at Depto. de História da UFMG, 2003)</subfield>
  </datafield>
</record>